@article{greenwade93,
    author  = "George D. Greenwade",
    title   = "The {C}omprehensive {T}ex {A}rchive {N}etwork ({CTAN})",
    year    = "1993",
    journal = "TUGBoat",
    volume  = "14",
    number  = "3",
    pages   = "342--351"
}

@online{iana_link,
    author  = "Internet Assigned Numbers Authority",
    title   = "{I}nternet {A}ssigned {N}umbers {A}uthority",
    year    = "2021",
    url = {https://data.iana.org/TLD/tlds-alpha-by-domain.txt}
}

@online{psl_wiki,
    author  = "Wikipedia",
    title   = "Public Suffix List",
    year    = "2021",
    url = {https://en.wikipedia.org/wiki/Public_Suffix_List}
}